% ------- References for Chapter 1

@article{Dynamic-Salience-with-Intermittent-Billing_Gilbert-and-Zivin_2014,
   author = {Gilbert, Ben and Graff Zivin, Joshua},
   title = {Dynamic salience with intermittent billing: Evidence from smart electricity meters},
   journal = {Journal of Economic Behavior and Organization},
   volume = {107},
   pages = {176-190},
   ISSN = {0167-2681},
   DOI = {10.1016/j.jebo.2014.03.011},
   year = {2014},
   type = {Journal Article}
}



% ------- References for Chapter 2

@article{Peaking-Interest:How-Awareness-Drives-the-Effectiveness-of-Time-of-Use-Electricity-Pricing_Prest_2020,
   author = {Prest, Brian C.},
   title = {Peaking Interest: How Awareness Drives the Effectiveness of Time-of-Use Electricity Pricing},
   journal = {Journal of the Association of Environmental and Resource Economists},
   volume = {7},
   number = {1},
   pages = {103-143},
   ISSN = {23335955},
   DOI = {10.1086/705798},
   year = {2020},
   type = {Journal Article}
}

@article{The-Effect-of-Information-on-TOU-Electricity-Use:An-Irish-Residential-Study_Pon_2017,
   author = {Pon, Shirley},
   title = {The Effect of Information on TOU Electricity Use: An Irish Residential Study},
   journal = {Energy Journal},
   volume = {38},
   number = {6},
   pages = {55-79},
   ISSN = {01956574},
   DOI = {10.5547/01956574.38.6.spon},
   year = {2017},
   type = {Journal Article}
}

@article{The-Impacts-of-Climate-Change-on-Domestic-Natural-Gas-Consumption-in-the-Greater-Dublin-Region_Liu-and-Sweeney_2012,
   author = {Liu, Xiaochen and Sweeney, John},
   title = {The Impacts of Climate Change on Domestic Natural Gas Consumption in the Greater Dublin Region},
   journal = {International Journal of Climate Change Strategies and Management},
   volume = {4},
   number = {2},
   pages = {161-178},
   ISSN = {1756-8692},
   DOI = {10.1108/17568691211223141},
   year = {2012},
   type = {Journal Article}
}

@article{Electricity-Smart-Metering-Customer-Behaviour-Trials-Findings-Report_CER_2011,
   author = {{Commission for Energy Regulation}},
   title = {Electricity Smart Metering Customer Behaviour Trials (CBT) Findings Report},
   year = {2011},
   type = {Information Paper}
}

@article{Heating-and-Cooling-in-Ireland-Today_SEAI_2022,
   author = {{Sustainable Energy Authority of Ireland}},
   title = {Heating and Cooling in Ireland Today: Archetype Profiles, Spatial Analysis, and Energy Efficiency Potential},
   year = {2022},
   type = {Information Paper}
}

@article{Household-Responses-to-Time-Varying-Electricity-Prices_Harding-and-Sexton_2017,
   author = {Harding, Matthew and Sexton, Steven},
   title = {Household Response to Time-Varying Electricity Prices},
   journal = {Annual Review of Resource Economics},
   volume = {9},
   number = {1},
   pages = {337-359},
   DOI = {10.1146/annurev-resource-100516-053437},
   url = {https://www.annualreviews.org/doi/abs/10.1146/annurev-resource-100516-053437},
   year = {2017},
   type = {Journal Article}
}


% ------- References for Chapter 3

@article{Hotelling-under-Pressure_AKS_2018,
   author = {Anderson, Soren T. and Kellogg, Ryan and Salant, Stephen W.},
   title = {Hotelling under Pressure},
   journal = {Journal of Political Economy},
   volume = {126},
   number = {3},
   pages = {984-1026},
   ISSN = {00223808},
   DOI = {10.1086/697203},
   year = {2018},
   type = {Journal Article}
}

@article{Experiential-and-Social-Learning-in-Firms_Covert_2015,
   author = {Covert, Thomas R},
   title = {Experiential and Social Learning in Firms: the Case of Hydraulic Fracturing in the Bakken Shale},
   journal = {Available at SSRN 2481321},
   year = {2015},
   type = {Journal Article}
}

@article{Learning-where-to-drill_Agerton_2020,
   author = {Agerton, Mark},
   title = {Learning where to drill: Drilling decisions and geological quality in the haynesville shale},
   year = {2020},
   type = {Journal Article}
}

@techreport{The-Economics-of-Time-Limited-Development-Options_2020_Herrnstadt-Kellogg-and-Lewis,
   author = {Herrnstadt, Evan M and Kellogg, Ryan and Lewis, Eric},
   title = {The Economics of Time-Limited Development Options: The Case of Oil and Gas Leases},
   institution = {National Bureau of Economic Research},
   number = {0898-2937},
   year = {2020},
   type = {Report}
}

@article{Estimation-of-Dynamic-Discrete-Choice-Models-in-Continuous-Time_ABBE_2016,
   author = {Arcidiacono, Peter and Bayer, Patrick and Blevins, Jason R. and Ellickson, Paul B.},
   title = {Estimation of Dynamic Discrete Choice Models in Continuous Time with an Application to Retail Competition},
   journal = {The Review of economic studies},
   volume = {83},
   number = {3 (296)},
   pages = {889-931},
   ISSN = {0034-6527},
   DOI = {10.1093/restud/rdw012},
   year = {2016},
   type = {Journal Article}
}
